@article{VeniceSpringer,
	Author = {Carbogning et. al},
	Date-Added = {2012-08-15 21:47:55 +0000},
	Date-Modified = {2012-08-15 21:59:39 +0000},
	Journal = {Climate Dynamics Observational, Theoretical and Computational Research on the Climate System},
	Keywords = {Venice Sea Level},
	Title = {Global change and relative sea level rise at Venice: what impact in term of flooding},
	Year = {2009},
	Bdsk-File-1 = {YnBsaXN0MDDUAQIDBAUIJidUJHRvcFgkb2JqZWN0c1gkdmVyc2lvblkkYXJjaGl2ZXLRBgdUcm9vdIABqAkKFRYXGyIjVSRudWxs0wsMDQ4RElpOUy5vYmplY3RzViRjbGFzc1dOUy5rZXlzog8QgASABoAHohMUgAKAA1lhbGlhc0RhdGFccmVsYXRpdmVQYXRo0hgMGRpXTlMuZGF0YU8RAfAAAAAAAfAAAgAADE1hY2ludG9zaCBIRAAAAAAAAAAAAAAAAAAAAMv2H5hIKwAAAApZxA5WZW5lZGlnU2VhLnBkZgAAAAAAAAAAAAAAAAAAAAAAAAAAAAAAAAAAAAAAAAAAAAAAAAAAAAAAAAAAAAAAAAABLSUQzFHl7QAAAAAAAAAAAAEAAgAACSAAAAAAAAAAAAAAAAAAAAAJTGl0ZXJhdHVyAAAQAAgAAMv2A3gAAAARAAgAAMxRyc0AAAABABwAClnEAApZSwAKWAUAClfqAAao6gAF/D0AAMBFAAIAaE1hY2ludG9zaCBIRDpVc2VyczoAY2xlbWVuY2VjaGVlOgBEcm9wYm94OgBTZW1lc3RlcjZfVU5JRFJPUDoAQkFDSEVMT1I6AExhdGVYOgBMaXRlcmF0dXI6AFZlbmVkaWdTZWEucGRmAA4AHgAOAFYAZQBuAGUAZABpAGcAUwBlAGEALgBwAGQAZgAPABoADABNAGEAYwBpAG4AdABvAHMAaAAgAEgARAASAFRVc2Vycy9jbGVtZW5jZWNoZWUvRHJvcGJveC9TZW1lc3RlcjZfVU5JRFJPUC9CQUNIRUxPUi9MYXRlWC9MaXRlcmF0dXIvVmVuZWRpZ1NlYS5wZGYAEwABLwAAFQACABP//wAAgAXSHB0eH1gkY2xhc3Nlc1okY2xhc3NuYW1lox8gIV1OU011dGFibGVEYXRhVk5TRGF0YVhOU09iamVjdF8QGy4uL0xpdGVyYXR1ci9WZW5lZGlnU2VhLnBkZtIcHSQloiUhXE5TRGljdGlvbmFyeRIAAYagXxAPTlNLZXllZEFyY2hpdmVyAAgAEQAWAB8AKAAyADUAOgA8AEUASwBSAF0AZABsAG8AcQBzAHUAeAB6AHwAhgCTAJgAoAKUApYCmwKkAq8CswLBAsgC0QLvAvQC9wMEAwkAAAAAAAACAQAAAAAAAAAoAAAAAAAAAAAAAAAAAAADGw==}}
